@article{1,
  title={Adoption of precision agriculture technologies in India and in some developing countries: Scope, present status and strategies},
  author={Mondal, Pinaki and Basu, Manisha},
  journal={Progress in Natural Science},
  volume={19},
  number={6},
  pages={659--666},
  year={2009},
  publisher={Elsevier}
}

@article{2,
	title={GPS High Precision Applications: What is a
	ground based GNSS infrastructure good for?},
	author={Borza T. And I. Fejes},
	journal={},
	volume={},
	number={},
	pages={23--27},
	year={2006},
	publisher={}
}

@article{3,
	title={Precision farming and terra-mechanics},
	author={ et al.,Shibusawa S.},
	conference={The fifth
	ISTVS Asia-Pacific regional conference in Korea},
	volume={},
	number={},
	pages={},
	year={October 22-28, 1998},
	publisher={}
}

@book{4,
	title={Measurement and control in agriculture.},
	author={Cox, Sidney WR and others},
	year={1997},
	publisher={Blackwell Science Ltd}
}

@article{5,
	title={Speeded-up robust features (SURF)},
	author={Bay, Herbert and Ess, Andreas and Tuytelaars, Tinne and Van Gool, Luc},
	journal={Computer vision and image understanding},
	volume={110},
	number={3},
	pages={346--359},
	year={2008},
	publisher={Elsevier}
}

@book{6,
	title={Introduction to environmental remote sensing},
	author={Barrett, Eric C},
	year={2013},
	publisher={Routledge}
}

@article{7,
	title={Spectral vegetation indices as nondestructive tools for determining durum wheat yield},
	author={Aparicio, Nieves and Villegas, Dolors and Casadesus, Jaume and Araus, Jos{\'e} Luis and Royo, Conxita},
	journal={Agronomy Journal},
	volume={92},
	number={1},
	pages={83--91},
	year={2000},
	publisher={American Society of Agronomy}
}

@article{8,
	title={Technical note The discrimination of scenes by principal components analysis of multi-spectral imagery},
	author={Ceballos, Juan Carlos and Bottino, Marcus Jorge},
	journal={International Journal of Remote Sensing},
	volume={18},
	number={11},
	pages={2437--2449},
	year={1997},
	publisher={Taylor \& Francis}
}

@article{9,
	title={Deep learning. Book in preparation for MIT Press},
	author={Bengio, Ian Goodfellow Yoshua and Courville, Aaron},
	journal={URL http://www. deeplearningbook. org},
	year={2016}
}



@article{10,
	title={Deep Learning Methods and Applications},
	author={Yu, Dong and Deng, Li and Yu, D},
	journal={Foundations and Trends in Signal Processing},
	year={2014}
}

@article{11,
	title={Gradient-based learning applied to document recognition},
	author={LeCun, Yann and Bottou, L{\'e}on and Bengio, Yoshua and Haffner, Patrick},
	journal={Proceedings of the IEEE},
	volume={86},
	number={11},
	pages={2278--2324},
	year={1998},
	publisher={IEEE}
}

@article{12,
	title={Special issue on hyperspectral image and signal processing},
	author={Plaza, A and Bioucas-Dias, J and Simic, A and Blackwell, W and Dobigeon, N and Parente, M and Du, Q and Gader, P and Chanussot, J},
	journal={IEEE J. Sel. Topics Appl. Earth Observ. Remote Sens},
	volume={5},
	number={2},
	pages={1--7},
	year={2012}
}

@article{13,
	title={Progress in hyperspectral remote sensing science and technology in China over the past three decades},
	author={Tong, Qingxi and Xue, Yongqi and Zhang, Lifu},
	journal={IEEE Journal of Selected Topics in Applied Earth Observations and Remote Sensing},
	volume={7},
	number={1},
	pages={70--91},
	year={2014},
	publisher={IEEE}
}



@article{15,
	title={Three-dimensional Gabor wavelets for pixel-based hyperspectral imagery classification},
	author={Shen, Linlin and Jia, Sen},
	journal={IEEE Transactions on Geoscience and Remote Sensing},
	volume={49},
	number={12},
	pages={5039--5046},
	year={2011},
	publisher={IEEE}
}

@article{16,
	title={A two-stage feature selection framework for hyperspectral image classification using few labeled samples},
	author={Jia, Sen and Zhu, Zexuan and Shen, Linlin and Li, Qingquan},
	journal={IEEE Journal of Selected Topics in Applied Earth Observations and Remote Sensing},
	volume={7},
	number={4},
	pages={1023--1035},
	year={2014},
	publisher={IEEE}
}

@article{17,
	title={Gabor feature-based collaborative representation for hyperspectral imagery classification},
	author={Jia, Sen and Shen, Linlin and Li, Qingquan},
	journal={IEEE Transactions on Geoscience and Remote Sensing},
	volume={53},
	number={2},
	pages={1118--1129},
	year={2015},
	publisher={IEEE}
}

@article{18,
	title={Convolutional neural networks for hyperspectral image classification},
	author={Yu, Shiqi and Jia, Sen and Xu, Chunyan},
	journal={Neurocomputing},
	volume={219},
	pages={88--98},
	year={2017},
	publisher={Elsevier}
}

@article{19,
	title={http://ardupilot.org/copter/docs/initial-setup.html},
	author={Arducopter Documentation},
	journal={Accessed on 10th November 2016},
	volume={},
	number={},
	pages={},
	year={2016},
	publisher={}
}




@article{mcbratney2005future,
	title={Future directions of precision agriculture},
	author={McBratney, Alex and Whelan, Brett and Ancev, Tihomir and Bouma, Johan},
	journal={Precision agriculture},
	volume={6},
	number={1},
	pages={7--23},
	year={2005},
	publisher={Springer}
}

@inproceedings{whelan2003definition,
	title={Definition and interpretation of potential management zones in Australia},
	author={Whelan, BM and McBratney, AB},
	booktitle={Proceedings of the 11th Australian Agronomy Conference},
	volume={107},
	pages={3823--3830},
	year={2003}
}

@article{broich2011time,
	title={Time-series analysis of multi-resolution optical imagery for quantifying forest cover loss in Sumatra and Kalimantan, Indonesia},
	author={Broich, Mark and Hansen, Matthew C and Potapov, Peter and Adusei, Bernard and Lindquist, Erik and Stehman, Stephen V},
	journal={International Journal of Applied Earth Observation and Geoinformation},
	volume={13},
	number={2},
	pages={277--291},
	year={2011},
	publisher={Elsevier}
}

@article{hansen2008method,
	title={A method for integrating MODIS and Landsat data for systematic monitoring of forest cover and change in the Congo Basin},
	author={Hansen, Matthew C and Roy, David P and Lindquist, Erik and Adusei, Bernard and Justice, Christopher O and Altstatt, Alice},
	journal={Remote Sensing of Environment},
	volume={112},
	number={5},
	pages={2495--2513},
	year={2008},
	publisher={Elsevier}
}

@misc{LandsatS1:online,
	author = {},
	title = {Landsat Science},
	howpublished = {\url{https://landsat.gsfc.nasa.gov/}},
	month = {},
	year = {},
	note = {(Accessed on 05/11/2017)}
}

@misc{LandsatS40:online,
	author = {},
	title = {Landsat Science},
	howpublished = {\url{http://modis.gsfc.nasa.gov/}},
	month = {},
	year = {},
	note = {(Accessed on 05/11/2017)}
}

@misc{LandsatS4:online,
	author = {},
	title = {Landsat Science},
	howpublished = {\url{http://digitalglobe.com/}},
	month = {},
	year = {},
	note = {(Accessed on 05/11/2017)}
}

@misc{geoeyeco87:online,
	author = {},
	title = {geoeye.com},
	howpublished = {\url{http://geoeye.com/}},
	month = {},
	year = {},
	note = {(Accessed on 05/11/2017)}
}

@article{zwiggelaar1998review,
	title={A review of spectral properties of plants and their potential use for crop/weed discrimination in row-crops},
	author={Zwiggelaar, Reyer},
	journal={Crop Protection},
	volume={17},
	number={3},
	pages={189--206},
	year={1998},
	publisher={Elsevier}
}

@book{campbell2011introduction,
	title={Introduction to remote sensing},
	author={Campbell, James B and Wynne, Randolph H},
	year={2011},
	publisher={Guilford Press}
}

@article{serpico1996experimental,
	title={An experimental comparison of neural and statistical non-parametric algorithms for supervised classification of remote-sensing images},
	author={Serpico, Sebastiano B and Bruzzone, Lorenzo and Roli, Fabio},
	journal={Pattern recognition letters},
	volume={17},
	number={13},
	pages={1331--1341},
	year={1996},
	publisher={Elsevier}
}

@article{goel2002use,
	title={Use of airborne multi-spectral imagery for weed detection in field crops},
	author={Goel, PK and Prasher, SO and Patel, RM and Smith, DL and DiTommaso, A},
	journal={Transactions-American Society of Agricultural Engineers},
	volume={45},
	number={2},
	pages={443--450},
	year={2002},
	publisher={ASAE AMERICAN SOCIETY OF AGRICULTURAL}
}

@article{goel2003potential,
	title={Potential of airborne hyperspectral remote sensing to detect nitrogen deficiency and weed infestation in corn},
	author={Goel, Pradeep K and Prasher, Shiv O and Landry, Jacques-Andr{\'e} and Patel, Ramanbhai M and Bonnell, RB and Viau, Alain A and Miller, JR},
	journal={Computers and electronics in agriculture},
	volume={38},
	number={2},
	pages={99--124},
	year={2003},
	publisher={Elsevier}
}

@article{lamb1999evaluating,
	title={Evaluating the accuracy of mapping weeds in seedling crops using airborne digital imaging: Avena spp. in seedling triticale},
	author={Lamb, DW and Weedon, MM and Rew, LJ},
	journal={WEED RESEARCH-OXFORD-},
	volume={39},
	number={6},
	pages={481--492},
	year={1999},
	publisher={Wiley Online Library}
}

@article{lamb1998evaluating,
	title={Evaluating the accuracy of mapping weeds in fallow fields using airborne digital imaging: Panicum effusum in oilseed rape stubble},
	author={Lamb, DW and Weedon, M},
	journal={Weed Research-Oxford},
	volume={38},
	number={6},
	pages={443--452},
	year={1998},
	publisher={Wiley Online Library}
}

@article{lass1996detection,
	title={Detection of yellow starthistle (Centaurea solstitialis) and common St. Johnswort (Hypericum perforatum) with multispectral digital imagery},
	author={Lass, Lawrence W and Carson, Hubert W and Callihan, Robert H},
	journal={Weed technology},
	pages={466--474},
	year={1996},
	publisher={JSTOR}
}

@article{lelong1998hyperspectral,
	title={Hyperspectral imaging and stress mapping in agriculture: a case study on wheat in Beauce (France)},
	author={Lelong, Camille CD and Pinet, Patrick C and Poilv{\'e}, Herv{\'e}},
	journal={Remote sensing of environment},
	volume={66},
	number={2},
	pages={179--191},
	year={1998},
	publisher={Elsevier}
}

@article{shibayama1993canopy,
	title={Canopy water deficit detection in paddy rice using a high resolution field spectroradiometer},
	author={Shibayama, Michio and Takahashi, Wataru and Morinaga, Shinsuke and Akiyama, Tsuyoshi},
	journal={Remote Sensing of Environment},
	volume={45},
	number={2},
	pages={117--126},
	year={1993},
	publisher={Elsevier}
}

@article{railyan1993red,
	title={Red edge structure of canopy reflectance spectra of triticale},
	author={Railyan, V Ya and Korobov, RM},
	journal={Remote sensing of environment},
	volume={46},
	number={2},
	pages={173--182},
	year={1993},
	publisher={Elsevier}
}

@article{boissard1993reflectance,
	title={Reflectance, green leaf area index and ear hydric status of wheat from anthesis until maturity},
	author={Boissard, P and Pointel, J-G and Huet, P},
	journal={International Journal of Remote Sensing},
	volume={14},
	number={14},
	pages={2713--2729},
	year={1993},
	publisher={Taylor \& Francis}
}

@article{aparicio2002relationship,
	title={Relationship between growth traits and spectral vegetation indices in durum wheat},
	author={Aparicio, N and Villegas, D and Araus, JL and Casadesus, J and Royo, C},
	journal={Crop science},
	volume={42},
	number={5},
	pages={1547--1555},
	year={2002},
	publisher={Crop Science Society of America}
}

@article{rastogi2000estimation,
	title={Estimation of wheat leaf area index from IRS LISS-III data using Price model},
	author={Rastogi, A and Kalra, N and Agarwal, PK and Sharma, SK and Harit, RC and Navalgund, RR and Dadhwal, VK},
	journal={International Journal of Remote Sensing},
	volume={21},
	number={15},
	pages={2943--2949},
	year={2000},
	publisher={Taylor \& Francis}
}

@article{shibayama1989seasonal,
	title={Seasonal visible, near-infrared and mid-infrared spectra of rice canopies in relation to LAI and above-ground dry phytomass},
	author={Shibayama, Michio and Akiyama, Tsuyoshi},
	journal={Remote Sensing of Environment},
	volume={27},
	number={2},
	pages={119--127},
	year={1989},
	publisher={Elsevier}
}

@article{serrano2000remote,
	title={Remote sensing of biomass and yield of winter wheat under different nitrogen supplies},
	author={Serrano, Lydia and Filella, Iolanda and Penuelas, Josep},
	journal={Crop Science},
	volume={40},
	number={3},
	pages={723--731},
	year={2000},
	publisher={Crop Science Society of America}
}

@article{barrett1999fractional,
	title={Fractional/integer-n pll basics},
	author={Barrett, Curtis},
	year={1999},
	publisher={Citeseer}
}

@article{aparicio2000spatial,
	title={The spatial and age distribution of stellar populations in DDO 190},
	author={Aparicio, A and Tikhonov, N},
	journal={The Astronomical Journal},
	volume={119},
	number={5},
	pages={2183},
	year={2000},
	publisher={IOP Publishing}
}

@article{melgani2004classification,
	title={Classification of hyperspectral remote sensing images with support vector machines},
	author={Melgani, Farid and Bruzzone, Lorenzo},
	journal={IEEE Transactions on geoscience and remote sensing},
	volume={42},
	number={8},
	pages={1778--1790},
	year={2004},
	publisher={IEEE}
}

@article{bay2008speeded,
	title={Speeded-up robust features (SURF)},
	author={Bay, Herbert and Ess, Andreas and Tuytelaars, Tinne and Van Gool, Luc},
	journal={Computer vision and image understanding},
	volume={110},
	number={3},
	pages={346--359},
	year={2008},
	publisher={Elsevier}
}

@inproceedings{dalal2005histograms,
	title={Histograms of oriented gradients for human detection},
	author={Dalal, Navneet and Triggs, Bill},
	booktitle={Computer Vision and Pattern Recognition, 2005. CVPR 2005. IEEE Computer Society Conference on},
	volume={1},
	pages={886--893},
	year={2005},
	organization={IEEE}
}

@inproceedings{deng2009imagenet,
	title={Imagenet: A large-scale hierarchical image database},
	author={Deng, Jia and Dong, Wei and Socher, Richard and Li, Li-Jia and Li, Kai and Fei-Fei, Li},
	booktitle={Computer Vision and Pattern Recognition, 2009. CVPR 2009. IEEE Conference on},
	pages={248--255},
	year={2009},
	organization={IEEE}
}

@article{ehler2006integrated,
	title={Integrated pest management (IPM): definition, historical development and implementation, and the other IPM},
	author={Ehler, Lester E},
	journal={Pest management science},
	volume={62},
	number={9},
	pages={787--789},
	year={2006},
	publisher={West Sussex, UK: Published for SCI by John Wiley \& Sons, c2000-}
}

@article{everingham2010pascal,
	title={The pascal visual object classes (voc) challenge},
	author={Everingham, Mark and Van Gool, Luc and Williams, Christopher KI and Winn, John and Zisserman, Andrew},
	journal={International journal of computer vision},
	volume={88},
	number={2},
	pages={303--338},
	year={2010},
	publisher={Springer}
}

@article{garcia2013comparison,
	title={Comparison of two aerial imaging platforms for identification of Huanglongbing-infected citrus trees},
	author={Garcia-Ruiz, Francisco and Sankaran, Sindhuja and Maja, Joe Mari and Lee, Won Suk and Rasmussen, Jesper and Ehsani, Reza},
	journal={Computers and Electronics in Agriculture},
	volume={91},
	pages={106--115},
	year={2013},
	publisher={Elsevier}
}

@article{bold2012mobile,
	title={Mobile broadband: redefining Internet access and empowering individuals},
	author={Bold, William and Davidson, William},
	journal={The Global Information Technology Report 2012: Living in a Hyperconnected World},
	pages={67--77},
	year={2012},
	publisher={INSEAD (The Bussiness School of the World), World Economic Forum}
}

@inproceedings{he2016deep,
	title={Deep residual learning for image recognition},
	author={He, Kaiming and Zhang, Xiangyu and Ren, Shaoqing and Sun, Jian},
	booktitle={Proceedings of the IEEE Conference on Computer Vision and Pattern Recognition},
	pages={770--778},
	year={2016}
}
@article{hernandez2014integrating,
	title={Integrating SOMs and a Bayesian classifier for segmenting diseased plants in uncontrolled environments},
	author={Hern{\'a}ndez-Rabad{\'a}n, Deny Lizbeth and Ramos-Quintana, Fernando and Guerrero Juk, Julian},
	journal={The Scientific World Journal},
	volume={2014},
	year={2014},
	publisher={Hindawi Publishing Corporation}
}
@article{huang2007application,
	title={Application of artificial neural network for detecting Phalaenopsis seedling diseases using color and texture features},
	author={Huang, Kuo-Yi},
	journal={Computers and Electronics in agriculture},
	volume={57},
	number={1},
	pages={3--11},
	year={2007},
	publisher={Elsevier}
}
@article{hughes2015open,
	title={An open access repository of images on plant health to enable the development of mobile disease diagnostics},
	author={Hughes, David and Salath{\'e}, Marcel and others},
	journal={arXiv preprint arXiv:1511.08060},
	year={2015}
}
@article{facts2015figures,
	title={Figures-The world in 2015},
	author={Facts, ICT},
	journal={Geneva: The International Telecommunication Union (ITU)},
	year={2015}
}
@inproceedings{jia2014caffe,
	title={Caffe: Convolutional architecture for fast feature embedding},
	author={Jia, Yangqing and Shelhamer, Evan and Donahue, Jeff and Karayev, Sergey and Long, Jonathan and Girshick, Ross and Guadarrama, Sergio and Darrell, Trevor},
	booktitle={Proceedings of the 22nd ACM international conference on Multimedia},
	pages={675--678},
	year={2014},
	organization={ACM}
}
@inproceedings{krizhevsky2012imagenet,
	title={Imagenet classification with deep convolutional neural networks},
	author={Krizhevsky, Alex and Sutskever, Ilya and Hinton, Geoffrey E},
	booktitle={Advances in neural information processing systems},
	pages={1097--1105},
	year={2012}
}
@article{lecun1989backpropagation,
	title={Backpropagation applied to handwritten zip code recognition},
	author={LeCun, Yann and Boser, Bernhard and Denker, John S and Henderson, Donnie and Howard, Richard E and Hubbard, Wayne and Jackel, Lawrence D},
	journal={Neural computation},
	volume={1},
	number={4},
	pages={541--551},
	year={1989},
	publisher={MIT Press}
}
@misc{NewTab52:online,
	author = {},
	title = {New Tab},
	howpublished = {\url{http://gopro.com/}},
	month = {},
	year = {},
	note = {(Accessed on 05/11/2017)}
}
@misc{FeatureD37:online,
	author = {},
	title = {Feature Detection and Extraction - MATLAB \& Simulink - MathWorks India},
	howpublished = {\url{https://in.mathworks.com/help/vision/feature-detection-and-extraction.html}},
	month = {},
	year = {},
	note = {(Accessed on 05/11/2017)}
}
@misc{OrthoPer57:online,
	author = {},
	title = {OrthoPerspective - Orthophoto - Wikipedia},
	howpublished = {\url{https://en.wikipedia.org/wiki/Orthophoto#/media/File:OrthoPerspective.svg}},
	month = {},
	year = {},
	note = {(Accessed on 05/11/2017)}
}
@misc{FeatureM52:online,
	author = {},
	title = {Feature Matching + Homography to find Objects — OpenCV-Python Tutorials 1 documentation},
	howpublished = {\url{http://opencv-python-tutroals.readthedocs.io/en/latest/py_tutorials/py_feature2d/py_feature_homography/py_feature_homography.html}},
	month = {},
	year = {},
	note = {(Accessed on 05/11/2017)}
}
@misc{FeatureD76:online,
	author = {},
	title = {Feature Detection — OpenCV 2.4.13.2 documentation},
	howpublished = {\url{http://docs.opencv.org/2.4/doc/tutorials/features2d/feature_detection/feature_detection.html}},
	month = {},
	year = {},
	note = {(Accessed on 05/11/2017)}
}
@misc{PlantVil94:online,
	author = {},
	title = {PlantVillage | PlantVillage images},
	howpublished = {\url{https://www.plantvillage.org/en/plant_images}},
	month = {},
	year = {},
	note = {(Accessed on 05/11/2017)}
}
@article{harvey2014extreme,
	title={Extreme vulnerability of smallholder farmers to agricultural risks and climate change in Madagascar},
	author={Harvey, Celia A and Rakotobe, Zo Lalaina and Rao, Nalini S and Dave, Radhika and Razafimahatratra, Hery and Rabarijohn, Rivo Hasinandrianina and Rajaofara, Haingo and MacKinnon, James L},
	journal={Phil. Trans. R. Soc. B},
	volume={369},
	number={1639},
	pages={20130089},
	year={2014},
	publisher={The Royal Society}
}
@article{lecun2015deep,
	title={Deep learning},
	author={LeCun, Yann and Bengio, Yoshua and Hinton, Geoffrey},
	journal={Nature},
	volume={521},
	number={7553},
	pages={436--444},
	year={2015},
	publisher={Nature Research}
}
@article{lin2013network,
	title={Network in network},
	author={Lin, Min and Chen, Qiang and Yan, Shuicheng},
	journal={arXiv preprint arXiv:1312.4400},
	year={2013}
}
@article{lowe2004distinctive,
	title={Distinctive image features from scale-invariant keypoints},
	author={Lowe, David G},
	journal={International journal of computer vision},
	volume={60},
	number={2},
	pages={91--110},
	year={2004},
	publisher={Springer}
}
@inproceedings{szegedy2015going,
	title={Going deeper with convolutions},
	author={Szegedy, Christian and Liu, Wei and Jia, Yangqing and Sermanet, Pierre and Reed, Scott and Anguelov, Dragomir and Erhan, Dumitru and Vanhoucke, Vincent and Rabinovich, Andrew},
	booktitle={Proceedings of the IEEE Conference on Computer Vision and Pattern Recognition},
	pages={1--9},
	year={2015}
}
@article{mohanty2016using,
	title={Using Deep Learning for Image-Based Plant Disease Detection},
	author={Mohanty, Sharada P and Hughes, David P and Salath{\'e}, Marcel},
	journal={Frontiers in Plant Science},
	volume={7},
	year={2016},
	publisher={Frontiers Media SA}
}
@article{prince2015automatic,
	title={Automatic detection of diseased tomato plants using thermal and stereo visible light images},
	author={Prince, Gillian and Clarkson, John P and Rajpoot, Nasir M and others},
	journal={PloS one},
	volume={10},
	number={4},
	pages={e0123262},
	year={2015},
	publisher={Public Library of Science}
}
@misc{CS231nCo51:online,
	author = {},
	title = {CS231n Convolutional Neural Networks for Visual Recognition},
	howpublished = {\url{http://cs231n.github.io/convolutional-networks/}},
	month = {},
	year = {},
	note = {(Accessed on 05/11/2017)}
}

@article{pan2010survey,
	title={A survey on transfer learning},
	author={Pan, Sinno Jialin and Yang, Qiang},
	journal={IEEE Transactions on knowledge and data engineering},
	volume={22},
	number={10},
	pages={1345--1359},
	year={2010},
	publisher={IEEE}
}
@misc{arxivorg71:online,
	author = {},
	title = {arxiv.org},
	howpublished = {\url{https://arxiv.org/abs/1512.00567}},
	month = {},
	year = {},
	note = {(Accessed on 05/11/2017)}
}
@misc{APM25orA25:online,
	author = {},
	title = {APM2.5 or APM2.6 - what's the difference? - Guides - DroneTrest},
	howpublished = {\url{http://www.dronetrest.com/t/apm2-5-or-apm2-6-whats-the-difference/59}},
	month = {},
	year = {},
	note = {(Accessed on 05/11/2017)}
}
@misc{ardupilo77:online,
	author = {},
	title = {ardupilot.com},
	howpublished = {\url{http://ardupilot.com/}},
	month = {},
	year = {},
	note = {(Accessed on 05/11/2017)}
}
@misc{diydrone38:online,
	author = {},
	title = {diydrones.com},
	howpublished = {\url{http://diydrones.com/}},
	month = {},
	year = {},
	note = {(Accessed on 05/11/2017)}
}
@inproceedings{chen2014image,
	title={Image stitching algorithm research based on OpenCV},
	author={Chen, Kaili and Wang, Meiling},
	booktitle={Control Conference (CCC), 2014 33rd Chinese},
	pages={7292--7297},
	year={2014},
	organization={IEEE}
}
@inproceedings{yang2014image,
	title={Image stitching based on local symmetry features},
	author={Yang, Di and Bo, Yu-ming and Zhao, Gao-peng},
	booktitle={Control Conference (CCC), 2014 33rd Chinese},
	pages={4641--4646},
	year={2014},
	organization={IEEE}
}
